<?xml version="1.0" encoding="UTF-8"?><collection xmlns="http://www.loc.gov/MARC21/slim"><record><leader>00571nam--2200193-i-4500</leader><controlfield tag="001">000007036</controlfield><controlfield tag="002">20161230</controlfield><controlfield tag="005">20161230201027</controlfield><controlfield tag="008">060222s1000------------r-----000-0-ita-d</controlfield><datafield ind1=" " ind2=" " tag="040"><subfield code="a">IFIN-HH</subfield></datafield><datafield ind1=" " ind2=" " tag="041"><subfield code="a">ita</subfield></datafield><datafield ind1=" " ind2=" " tag="080"><subfield code="a">550.3</subfield></datafield><datafield ind1="1" ind2=" " tag="100"><subfield code="a">Bachelet, F</subfield></datafield><datafield ind1="1" ind2="0" tag="245"><subfield code="a">Metodi di studio dello spettro dei raggi cosmici primari mediante la missura delle componenti secondarie</subfield><subfield code="c">P. balata, f. bachelet, n. iucci</subfield></datafield><datafield ind1=" " ind2=" " tag="260"><subfield code="a">Roma</subfield><subfield code="b">Associazione Geofisica Italiana</subfield><subfield code="c">1962</subfield></datafield><datafield ind1=" " ind2=" " tag="300"><subfield code="a">19P</subfield></datafield><datafield ind1="1" ind2=" " tag="700"><subfield code="a">Iucci, N</subfield></datafield><datafield ind1=" " ind2=" " tag="852"><subfield code="a">20791</subfield><subfield code="c">539.13</subfield></datafield><datafield ind1=" " ind2=" " tag="CAT"><subfield code="a">Sys</subfield><subfield code="c">20120223</subfield><subfield code="h">135040</subfield></datafield></record></collection>